@misc{misc_phiusiil_phishing_url_(website)_967,
  author       = {Prasad, Arvind and Chandra, Shalini},
  title        = {{PhiUSIIL Phishing URL (Website)}},
  year         = {2024},
  howpublished = {UCI Machine Learning Repository},
  note         = {DOI: \url{https://doi.org/10.1016/j.cose.2023.103545}}
}

@article{mckinney2011pandas,
  author    = {McKinney, Wes},
  title     = {pandas: a foundational Python library for data analysis and statistics},
  journal   = {Python for High Performance and Scientific Computing},
  volume    = {14},
  year      = {2011}
}

@article{hernandez2018handling,
  author    = {Hernandez, Troy},
  title     = {Handling Missing Data with Python},
  journal   = {Journal of Open Source Software},
  volume    = {3},
  number    = {22},
  pages     = {547},
  year      = {2018}
}

@book{vanderplas2016python,
  author    = {VanderPlas, Jake},
  title     = {Python Data Science Handbook},
  year      = {2016},
  publisher = {O'Reilly Media}
}

@book{brownlee2020feature,
  author    = {Brownlee, Jason},
  title     = {Feature Engineering for Machine Learning: Principles and Techniques for Data Scientists},
  year      = {2020},
  publisher = {Machine Learning Mastery}
}

@book{raschka2019python,
  author    = {Raschka, Sebastian and Mirjalili, Vahid},
  title     = {Python Machine Learning: Machine Learning and Deep Learning with Python, scikit-learn, and TensorFlow},
  year      = {2019},
  publisher = {Packt Publishing}
}

@book{geron2017hands,
  author    = {Géron, Aurélien},
  title     = {Hands-On Machine Learning with Scikit-Learn, Keras, and TensorFlow: Concepts, Tools, and Techniques to Build Intelligent Systems},
  year      = {2017},
  publisher = {O'Reilly Media}
}

@article{bergstra2012random,
  author    = {Bergstra, James and Bengio, Yoshua},
  title     = {Random search for hyper-parameter optimization},
  journal   = {Journal of Machine Learning Research},
  volume    = {13},
  number    = {1},
  pages     = {281--305},
  year      = {2012}
}

@book{chollet2017deep,
  author    = {Chollet, François},
  title     = {Deep Learning with Python},
  year      = {2017},
  publisher = {Manning Publications}
}

@book{gift2020pragmatic,
  author    = {Gift, Noah and Jones, Jeremy and Hilburn, Benjamin F.},
  title     = {Pragmatic AI: An Introduction to Cloud-Based Machine Learning},
  year      = {2020},
  publisher = {Addison-Wesley Professional}
}

@book{hyndman2018forecasting,
  author    = {Hyndman, Rob and Athanasopoulos, George},
  title     = {Forecasting: Principles and Practice},
  year      = {2018},
  publisher = {OTexts}
}

@article{aljofey2022effective,
  author    = {Aljofey, Abdullah and Yousuf, Shafay and Whalen, Dustin},
  title     = {An effective detection approach for phishing websites using URL and HTML features},
  journal   = {Nature Scientific Reports},
  volume    = {12},
  number    = {1},
  year      = {2022},
  pages     = {10841},
  url       = {https://www.nature.com/articles/s41598-022-10841-5}
}

@article{sahingoz2019,
author = {Sahingoz, Ozgur and Buber, Ebubekir and Demir, Onder and Diri, Banu},
year = {2019},
month = {01},
pages = {345-357},
title = {Machine learning based phishing detection from URLs},
volume = {117},
journal = {Expert Systems with Applications}
}

@INPROCEEDINGS{9277256,
  author={Sindhu, Smita and Patil, Sunil Parameshwar and Sreevalsan, Arya and Rahman, Faiz and N., Ms. Saritha A.},
  booktitle={2020 International Conference on Smart Technologies in Computing, Electrical and Electronics (ICSTCEE)}, 
  title={Phishing Detection using Random Forest, SVM and Neural Network with Backpropagation}, 
  year={2020},
  volume={},
  number={},
  pages={391-394},
  keywords={Phishing;Uniform resource locators;Feature extraction;Classification algorithms;Support vector machines;Random forests;Neural networks;Phishing;Phishing attacks;Machine Learning;Random Forest;SVM;Neural Network;Backpropagation},
  doi={10.1109/ICSTCEE49637.2020.9277256}}

@article{xiao2020cost_sensitive_random_forests,
  title     = {Cost-sensitive random forests for imbalanced class learning in phishing website detection},
  author    = {Xiao, L. and Liu, Y. and Luo, X.},
  journal   = {IEEE Access},
  volume    = {8},
  year      = {2020},
  pages     = {84433-84443},
  doi       = {10.1109/ACCESS.2020.2997223},
  url       = {https://ieeexplore.ieee.org/document/8252051}
}

@article{li2023survey,
  title     = {A Survey on Machine Learning Techniques for Phishing Detection},
  author    = {Li, Y. and Sun, L. and Wu, J. and Zhang, Y.},
  journal   = {Artificial Intelligence Review},
  year      = {2023},
  pages     = {1-22},
  url       = {https://www.researchgate.net/publication/354069207_A_Survey_of_Machine_Learning-Based_Solutions_for_Phishing_Website_Detection}
}

@inproceedings{wang2020research,
  title     = {Research on Phishing Website Detection Based on SVM Algorithm},
  author    = {Wang, J. and Yao, S.},
  booktitle = {2020 6th International Conference on Control, Automation and Robotics (ICCAR)},
  year      = {2020},
  pages     = {312-315},
  doi       = {10.1109/ICCAR49642.2020.9093005}
}